@book{neural,
author = "B. Krose and P. van der Smagt",
title = "{A}n {I}ntroduction to {N}eural {N}etworks",
publisher = "University of Amsterdam, Netherlands",
year = "1996"
}

@article{nature,
author = "D.E. Rumelhart and G.E. Hinton and R.J. Williams",
title = "{L}earning {R}epresentations by {B}ack-{P}ropagating {E}rrors",
journal = "{N}ature",
volume = "323",
year = "1986",
pages = "533--536"
}

@article{classifier,
author = "S. Knerr and L. Personnaz and G. Dreyfus",
title = "{H}andwritten {D}igit {R}ecognition by {N}eural {N}etworks with {S}ingle-{L}ayer {T}raining",
journal = "{IEEE} {Trans.} {N}eural {N}etworks",
volume = "3",
year = "1992",
pages = "962--968"
}

@misc{code,
author = "R. Szabo",
title = "{N}eural {N}etworks in {P}ython",
year = "2013",
howpublished = "\url{http://rolisz.ro/2013/04/18/neural-networks-in-python/}",
note = "[Online; accessed April-2014]"
}

@misc{autoencoder,
author = "DeepLearning",
title = "{D}enoising {A}utoencoders {(DA)}-- {D}eep{L}earning 0.1 documentation",
year = "2008--2010",
howpublished = "\url{http://www.deeplearning.net/tutorial/dA.html}",
note = "[Online; accessed April-2014]"
}

@misc{perceptron,
author = "DeepLearning",
title = "{M}ultilayer {P}erceptron-- {D}eep{L}earning 0.1 documentation",
year = "2008--2010",
howpublished = "\url{http://deeplearning.net/tutorial/mlp.html}",
note = "[Online; accessed April-2014]"
}

@misc{sklearn_digits,
author = "Scikit-learn",
title = "sklearn.datasets.load\_digits-- scikit-learn 0.14 documentation",
year = "2010--2013",
howpublished = "\url{http://scikit-learn.org/stable/modules/generated/sklearn.datasets.load_digits.html}",
note = "[Online; accessed April-2014]"
}

@misc{wikipedia,
author = "Wikipedia",
title = "{M}ultilayer {P}erceptron-- from {W}ikipedia{,} the {F}ree {E}ncyclopedia",
year = "2014",
howpublished = "\url{http://en.wikipedia.org/wiki/Multilayer_perceptron}",
note = "[Online; accessed April-2014]"
}